<?xml version="1.0" encoding="UTF-8"?><collection xmlns="http://www.loc.gov/MARC21/slim"><record><leader>00372nam--2200121-i-4500</leader><controlfield tag="001">000033701</controlfield><controlfield tag="002">20161230</controlfield><controlfield tag="005">20161230201039</controlfield><controlfield tag="008">060222s1000------------r-----000-0-eng-d</controlfield><datafield ind1=" " ind2=" " tag="100"><subfield code="a">Muller, H., Und Otto K</subfield></datafield><datafield ind1=" " ind2=" " tag="245"><subfield code="a">Flachentransistoren. praktische anwendung in der niederfrequenztechnik und im transverter</subfield></datafield><datafield ind1=" " ind2=" " tag="260"><subfield code="a">Leipzig, Veb Fachbuchvedrlag, 1960, 265p</subfield></datafield><datafield ind1=" " ind2=" " tag="852"><subfield code="a">3840</subfield></datafield></record></collection>